@inproceedings{kitchenham2012,
  title={Systematic review in software engineering: where we are and where we should be going},
  author={Kitchenham, Barbara A},
  booktitle={Proceedings of the 2nd international workshop on evidential assessment of software technologies},
  pages={1--2},
  year={2012},
  organization={ACM}
}

@article{SANTOS2007,
   title = {{The PICO strategy for the research question construction and evidence search}},
   journal = {{Revista Latino-Americana de Enfermagem}},
   author={Santos, Cristina Mam\~A\copyrightdio da Costa AND Pimenta, Cibele Andrucioli de Mattos AND Nobre, Moacyr Roberto Cuce},
   ISSN = {0104-1169},
   language = {en},
   URL = {http://www.scielo.br/scielo.php?script=sci_arttext&pid=S0104-11692007000300023&nrm=iso},
   volume = {15},
   year = {2007},
   month = {06},
   pages = {508 - 511},
   publisher = {scielo},
  }

@article{atta2013,
  title = {Mobile Cloud Computing Solution Brief},
  author = {Atta ur Rehman Khan and Mazliza Othman and Sajjad Ahmad Madani and Samee Ullah Khan},
  year = {2013},
  publisher = {IEEE COMMUNICATIONS SURVEYS & TUTORIALS}
}


@article{aepona2010,
  title = {A Survey of Mobile Cloud Computing Application Models},
  author = {AEPONA},
  year = {2010}
}

@inproceedings{liu2010,
  title={Cloud service portal for mobile device management},
  author={Liu L and Moulic R and Shea D},
  booktitle={7th International Conference on e-Business Engineering},
  pages={474},
  year={2010}
}

@inproceedings{cuervo2010,
  title = {Maui: making smartphones last longer with code offload},
  author = {E. Cuervo and A. Balasubramanian and D.-k. Cho and A. Wolman and S. Saroiu,R. Chandra and P. Bahl},
  booktitle = {8th international conference on Mobile systems, applications, and services},
  publisher = {ACM},
  year = {2010}
}

@manual{googleapp,
  title = {Google app engine},
  note = {Available: \url{http://appengine.google.com}}
}

@manual{amazon,
  title = {Amazon elastic compute cloud (ec2)},
  note = {Available: \url{http://www.amazon.com/ec2}}
}

@manual{azure,
  title = {Microsoft azure},
  note = {Available: \url{http://www.windowsazure.com}}
}

@manual{satelite,
  title = {Integrated cellular satellite solution},
  note = {Available: \url{https://www.wirelessatt.com/businesscenter/business-programs/government/solutions/integrated-cellular-satellite-solution.jsp}}
}

@manual{spot,
  title = {Spot connect},
  note = {Available: \url{http://www.findmespot.com/en/index.php?cid=116}}
}

@INPROCEEDINGS{kumar2014, 
  author={G. Kumar and E. Jain and S. Goel and V. K. Panchal}, 
  booktitle={2014 International Conference on Computational Intelligence and Communication Networks}, 
  title={Mobile Cloud Computing Architecture, Application Model, and Challenging Issues}, 
  year={2014}, 
  pages={613-617}, 
  month={Nov},
}

@INPROCEEDINGS{alizadeh2013, 
  author={M. Alizadeh and W. H. Hassan}, 
  booktitle={2013 9th International Wireless Communications and Mobile Computing Conference (IWCMC)}, 
  title={Challenges and opportunities of Mobile Cloud Computing}, 
  year={2013}, 
  pages={660-666}, 
  month={July},
}

@inproceedings{gao13,
  title={Mobile cloud computing research-issues, challenges and needs},
  author={Gao, Jerry and Gruhn, Volker and He, Jingsha and Roussos, George and Tsai, Wei-Tek and others},
  booktitle={Service Oriented System Engineering (SOSE), 2013 IEEE 7th International Symposium on},
  pages={442--453},
  year={2013},
  organization={IEEE}
}
